% -----------------------------------------------------------------------
% File: CogSci_Template.bib
% -----------------------------------------------------------------------

@article{hoffman1984parts,
  title={Parts of recognition},
  author={Hoffman, Donald D and Richards, Whitman A},
  journal={Cognition},
  volume={18},
  number={1-3},
  pages={65--96},
  year={1984},
  publisher={Elsevier}
}

%%% Introduction
@article{hawkins2020characterizing,
  title={Characterizing the dynamics of learning in repeated reference games},
  author={Hawkins, Robert D and Frank, Michael C and Goodman, Noah D},
  journal={Cognitive Science},
  volume={44},
  number={6},
  pages={e12845},
  year={2020},
  publisher={Wiley Online Library}
}

@article{kirby2015compression,
  title={Compression and communication in the cultural evolution of linguistic structure},
  author={Kirby, Simon and Tamariz, Monica and Cornish, Hannah and Smith, Kenny},
  journal={Cognition},
  volume={141},
  pages={87--102},
  year={2015},
  publisher={Elsevier}
}

@article{biederman1987recognition,
  title={Recognition-by-components: a theory of human image understanding.},
  author={Biederman, Irving},
  journal={Psychological review},
  volume={94},
  number={2},
  pages={115},
  year={1987},
  publisher={American Psychological Association}
}

@article{brown1958shall,
  title={How shall a thing be called?},
  author={Brown, Roger},
  journal={Psychological review},
  volume={65},
  number={1},
  pages={14},
  year={1958},
  publisher={American Psychological Association}
}
@article{rosch1976basic,
  title={Basic objects in natural categories},
  author={Rosch, Eleanor and Mervis, Carolyn B and Gray, Wayne D and Johnson, David M and Boyes-Braem, Penny},
  journal={Cognitive psychology},
  volume={8},
  number={3},
  pages={382--439},
  year={1976},
  publisher={Elsevier}
}
@article{rosch1999principles,
  title={Principles of categorization},
  author={Rosch, Eleanor},
  journal={Concepts: core readings},
  volume={189},
  pages={312--322},
  year={1999}
}
@article{tversky1984objects,
  title={Objects, parts, and categories.},
  author={Tversky, Barbara and Hemenway, Kathleen},
  journal={Journal of experimental psychology: General},
  volume={113},
  number={2},
  pages={169},
  year={1984},
  publisher={American Psychological Association}
}
@article{murphy1991parts,
  title={Parts in object concepts: Experiments with artificial categories},
  author={Murphy, Gregory L},
  journal={Memory \& Cognition},
  volume={19},
  number={5},
  pages={423--438},
  year={1991},
  publisher={Springer}
}
@article{palmer1977hierarchical,
  title={Hierarchical structure in perceptual representation},
  author={Palmer, Stephen E},
  journal={Cognitive psychology},
  volume={9},
  number={4},
  pages={441--474},
  year={1977},
  publisher={Elsevier}
}

@article{xu2007word,
  title={Word learning as Bayesian inference.},
  author={Xu, Fei and Tenenbaum, Joshua B},
  journal={Psychological review},
  volume={114},
  number={2},
  pages={245},
  year={2007},
  publisher={American Psychological Association}
}
@article{frank2009using,
  title={Using speakers' referential intentions to model early cross-situational word learning},
  author={Frank, Michael C and Goodman, Noah D and Tenenbaum, Joshua B},
  journal={Psychological science},
  volume={20},
  number={5},
  pages={578--585},
  year={2009},
  publisher={SAGE Publications Sage CA: Los Angeles, CA}
}
@article{lake2015human,
  title={Human-level concept learning through probabilistic program induction},
  author={Lake, Brenden M and Salakhutdinov, Ruslan and Tenenbaum, Joshua B},
  journal={Science},
  volume={350},
  number={6266},
  pages={1332--1338},
  year={2015},
  publisher={American Association for the Advancement of Science}
}
@article{ellis2020dreamcoder,
  title={Dreamcoder: Growing generalizable, interpretable knowledge with wake-sleep bayesian program learning},
  author={Ellis, Kevin and Wong, Catherine and Nye, Maxwell and Sable-Meyer, Mathias and Cary, Luc and Morales, Lucas and Hewitt, Luke and Solar-Lezama, Armando and Tenenbaum, Joshua B},
  journal={arXiv preprint arXiv:2006.08381},
  year={2020}
}
@article{tian2020learning,
  title={Learning abstract structure for drawing by efficient motor program induction},
  author={Tian, Lucas and Ellis, Kevin and Kryven, Marta and Tenenbaum, Josh},
  journal={Advances in Neural Information Processing Systems},
  volume={33},
  year={2020}
}
@article{mccarthy2021learning,
  title={Learning to communicate about shared procedural abstractions},
  author={McCarthy, William P and Hawkins, Robert D and Wang, Haoliang and Holdaway, Cameron and Fan, Judith E},
  journal={arXiv preprint arXiv:2107.00077},
  year={2021}
}


%% Part II
@article{sun2021seeing,
  title={Seeing and speaking: How verbal “description length” encodes visual complexity.},
  author={Sun, Zekun and Firestone, Chaz},
  journal={Journal of Experimental Psychology: General},
  year={2021},
  publisher={American Psychological Association}
}

%%% Part III
@inproceedings{gal2013systematic,
  title={A systematic Bayesian treatment of the IBM alignment models},
  author={Gal, Yarin and Blunsom, Phil},
  booktitle={Proceedings of the 2013 Conference of the North American Chapter of the Association for Computational Linguistics: Human Language Technologies},
  pages={969--977},
  year={2013}
}
@inproceedings{hawkins2017convention,
  title={Convention-formation in iterated reference games.},
  author={Hawkins, Robert D and Frank, Mike and Goodman, Noah D},
  booktitle={CogSci},
  year={2017}
}
